@article{Bunya,
  title={A wetting and drying treatment for the {R}unge--{K}utta discontinuous {G}alerkin solution to the shallow water equations},
  author={Bunya, S. and Kubatko, E. J. and Westerink, J. J. and Dawson, C.},
  journal={Computer Methods in Applied Mechanics and Engineering},
  volume={198},
  number={17},
  pages={1548--1562},
  year={2009},
  publisher={Elsevier}
}

@article{Ern,
  title={A well-balanced {R}unge--{K}utta discontinuous {G}alerkin method for the shallow-water equations with flooding and drying},
  author={Ern, A. and Piperno, S. and Djadel, K.},
  journal={International journal for numerical methods in fluids},
  volume={58},
  number={1},
  pages={1--25},
  year={2008},
  publisher={Wiley Online Library}
}

@article{Kuzmin,
  title={Slope limiting for discontinuous {G}alerkin approximations with a possibly non-orthogonal Taylor basis},
  author={Kuzmin, D.},
  journal={International Journal for Numerical Methods in Fluids},
  volume={71},
  number={9},
  pages={1178--1190},
  year={2013},
  publisher={Wiley Online Library}
}
